@book{huachengying2022,
title = {模拟电子技术},
address = {},
author = {华成英},
publisher = {高等教育出版社},
year = {2022},
month = {12}
}
@book{Sanjaya2015,
title = {电路},
address = {},
author = {邱关源 and 罗先觉},
publisher = {高等教育出版社},
year = {2022},
month = {6}
}
@book{wangzhaoan2011,
title = {电力电子技术},
address = {},
author = {王兆安},
publisher = {机械工业出版社},
year = {2011},
month = {8}
}
@book{Joseph2015,
title = {数字信号处理},
address = {},
author = {Alan V. Oppenheim},
publisher = {电子工业出版社},
year = {2020},
month = {8}
}
